<?xml version="1.0" encoding="UTF-8"?><record xmlns="http://www.loc.gov/MARC21/slim" xmlns:cinclude="http://apache.org/cocoon/include/1.0" xmlns:zs="http://www.loc.gov/zing/srw/">
  <leader>00467cz  a2200145n  4500</leader>
  <controlfield tag="001">n  84129006 </controlfield>
  <controlfield tag="003">DLC</controlfield>
  <controlfield tag="005">20081206080852.0</controlfield>
  <controlfield tag="008">841025n| acannaabn          |n aaa      </controlfield>
  <datafield tag="010" ind1=" " ind2=" ">
    <subfield code="a">n  84129006 </subfield>
  </datafield>
  <datafield tag="035" ind1=" " ind2=" ">
    <subfield code="a">(OCoLC)oca01214311</subfield>
  </datafield>
  <datafield tag="040" ind1=" " ind2=" ">
    <subfield code="a">DLC</subfield>
    <subfield code="b">eng</subfield>
    <subfield code="c">DLC</subfield>
    <subfield code="d">OCoLC</subfield>
  </datafield>
  <datafield tag="100" ind1="1" ind2=" ">
    <subfield code="a">Rahmeyer, Fritz</subfield>
  </datafield>
  <datafield tag="670" ind1=" " ind2=" ">
    <subfield code="a">His Sektorale Preisentwicklung in der Bundesrepublik Deutschland 1951-1977, 1983:</subfield>
    <subfield code="b">t.p. (Fritz Rahmeyer)</subfield>
  </datafield>
  <datafield tag="670" ind1=" " ind2=" ">
    <subfield code="a">LC data base, 10/23/84</subfield>
    <subfield code="b">(hdg.: Rahmeyer, Fritz)</subfield>
  </datafield>
</record>